@article{seymour2012serotonin,
  title={Serotonin selectively modulates reward value in human decision-making},
  author={Seymour, Ben and Daw, Nathaniel D and Roiser, Jonathan P and Dayan, Peter and Dolan, Ray},
  journal={Journal of Neuroscience},
  volume={32},
  number={17},
  pages={5833--5842},
  year={2012},
  publisher={Soc Neuroscience}
}

@ARTICLE{Katahira2018-ke,
  title    = "The statistical structures of reinforcement learning with
              asymmetric value updates",
  author   = "Katahira, Kentaro",
  journal  = "J. Math. Psychol.",
  volume   =  87,
  pages    = "31--45",
  month    =  dec,
  year     =  2018,
  keywords = "Reinforcement learning; Asymmetric value update; Learning rate;
              Choice perseverance; Model fitting; Logistic regression"
}

@article{sugawara2021dissociation,
  title={Dissociation between asymmetric value updating and perseverance in human reinforcement learning},
  author={Sugawara, Michiyo and Katahira, Kentaro},
  journal={Scientific reports},
  volume={11},
  number={1},
  pages={1--13},
  year={2021},
  publisher={Nature Publishing Group}
}

@online{cloudresearch_2020-2,
    author = "Leib Litman",
    title = "New Solutions Dramatically Improve Research Data Quality on {MTurk}",
    url  = "https://www.cloudresearch.com/resources/blog/new-tools-improve-research-data-quality-mturk/",
    addendum = "(Accessed: 2021-02-23)",
    month = jul,
    year = 2020
}

@article{hauser2021evaluating,
  title={Evaluating CloudResearchâ€™s Approved Group as a Solution for Problematic Data Quality on MTurk},
  author={Hauser, David and Moss, Aaron J and Rosenzweig, Cheskie and Jaffe, Shalom Noach and Robinson, Jonathan and LItman, Leib},
  year={2021},
  publisher={PsyArXiv}
}

@MISC{Letzter2021-bw,
  title        = "A teenager on {TikTok} disrupted thousands of scientific
                  studies with a single video",
  author       = "Letzter, Rafi",
  month        =  sep,
  year         =  2021,
  howpublished = "\url{https://www.theverge.com/2021/9/24/22688278/tiktok-science-study-survey-prolific}",
  note         = "Accessed: 2022-10-17"
}

@MISC{prolific_2021,
  title        = "We recently went viral on {TikTok} - here's what we learned",
  howpublished = "\url{https://www.prolific.co/blog/we-recently-went-viral-on-tiktok-heres-what-we-learned}",
  note         = "Accessed: 2022-10-17",
  language     = "en"
}

@article{daw2011model,
  title={Model-based influences on humans' choices and striatal prediction errors},
  author={Daw, Nathaniel D and Gershman, Samuel J and Seymour, Ben and Dayan, Peter and Dolan, Raymond J},
  journal={Neuron},
  volume={69},
  number={6},
  pages={1204--1215},
  year={2011},
  publisher={Elsevier}
}

@article{litman2017turkprime-2,
  title={TurkPrime. com: A versatile crowdsourcing data acquisition platform for the behavioral sciences},
  author={Litman, Leib and Robinson, Jonathan and Abberbock, Tzvi},
  journal={Behavior research methods},
  volume={49},
  number={2},
  pages={433--442},
  year={2017},
  publisher={Springer}
}

@article{robinson2019tapped-2,
  title={Tapped out or barely tapped? Recommendations for how to harness the vast and largely unused potential of the Mechanical Turk participant pool},
  author={Robinson, Jonathan and Rosenzweig, Cheskie and Moss, Aaron J and Litman, Leib},
  journal={PloS one},
  volume={14},
  number={12},
  pages={e0226394},
  year={2019},
  publisher={Public Library of Science San Francisco, CA USA}
}

@article{decker2016creatures,
  title={From creatures of habit to goal-directed learners: Tracking the developmental emergence of model-based reinforcement learning},
  author={Decker, Johannes H and Otto, A Ross and Daw, Nathaniel D and Hartley, Catherine A},
  journal={Psychological science},
  volume={27},
  number={6},
  pages={848--858},
  year={2016},
  publisher={Sage Publications Sage CA: Los Angeles, CA}
}

@article{watson2022development,
  title={The development of preliminary HiTOP internalizing spectrum scales},
  author={Watson, David and Forbes, Miriam K and Levin-Aspenson, Holly F and Ruggero, Camilo J and Kotelnikova, Yuliya and Khoo, Shereen and Bagby, R Michael and Sunderland, Matthew and Patalay, Praveetha and Kotov, Roman},
  journal={Assessment},
  volume={29},
  number={1},
  pages={17--33},
  year={2022},
  publisher={Sage Publications Sage CA: Los Angeles, CA}
}

@article{ashton2007empirical,
  title={Empirical, theoretical, and practical advantages of the HEXACO model of personality structure},
  author={Ashton, Michael C and Lee, Kibeom},
  journal={Personality and social psychology review},
  volume={11},
  number={2},
  pages={150--166},
  year={2007},
  publisher={SAGE publications Sage CA: Los Angeles, CA}
}

@article{deleeuw_2015_jspsych-2,
  title={{jsPsych: A JavaScript} library for creating behavioral experiments in a web browser. },
  author={de Leeuw, J R},
  journal={Behavior Research Methods},
  volume={47},
  number={1},
  pages={1--12},
  year={2015}
}

@article{youngstrom_2013_susd-2,
  title={The {7 Up 7 Down Inventory}: A 14-item measure of manic and depressive tendencies carved from the {General Behavior Inventory}},
  author={Youngstrom, Eric A and Murray, Greg and Johnson, Sheri L and Findling, Robert L},
  journal={Psychological Assessment},
  volume={25},
  number={4},
  pages={1377--1383},
  year={2013},
  publisher={American Psychological Association}
}

@article{winkler2014permutation-2,
  title={Permutation inference for the general linear model},
  author={Winkler, Anderson M and Ridgway, Gerard R and Webster, Matthew A and Smith, Stephen M and Nichols, Thomas E},
  journal={Neuroimage},
  volume={92},
  pages={381--397},
  year={2014},
  publisher={Elsevier}
}

@article{wilcox2018guide-2,
  title={A guide to robust statistical methods in neuroscience},
  author={Wilcox, Rand R and Rousselet, Guillaume A},
  journal={Current protocols in neuroscience},
  volume={82},
  number={1},
  pages={8--42},
  year={2018},
  publisher={Wiley Online Library}
}

@article{harms2018making,
  title={Making'null effects' informative: statistical techniques and inferential frameworks},
  author={Harms, Christopher and Lakens, Dani{\"e}l},
  journal={Journal of Clinical and Translational Research},
  volume={3},
  number={Suppl 2},
  pages={382},
  year={2018},
  publisher={Whioce Publishing Pte. Ltd.}
}

@book{cohen2013statistical,
  title={Statistical power analysis for the behavioral sciences},
  author={Cohen, Jacob},
  year={2013},
  publisher={Routledge}
}

@article{gillan2016characterizing,
  title={Characterizing a psychiatric symptom dimension related to deficits in goal-directed control},
  author={Gillan, Claire M and Kosinski, Michal and Whelan, Robert and Phelps, Elizabeth A and Daw, Nathaniel D},
  journal={elife},
  volume={5},
  pages={e11305},
  year={2016},
  publisher={eLife Sciences Publications Limited}
}

@inproceedings{seabold2010statsmodels,
  title={Statsmodels: Econometric and statistical modeling with python},
  author={Seabold, Skipper and Perktold, Josef},
  booktitle={Proceedings of the 9th Python in Science Conference},
  volume={57},
  number={61},
  pages={10--25080},
  year={2010},
  organization={Austin, TX}
}

@article{barends2019noncompliant-2,
  title={Noncompliant responding: Comparing exclusion criteria in MTurk personality research to improve data quality},
  author={Barends, Ard J and de Vries, Reinout E},
  journal={Personality and individual differences},
  volume={143},
  pages={84--89},
  year={2019},
  publisher={Elsevier}
}


@article{hauser2016attentive-2,
  title={Attentive Turkers: MTurk participants perform better on online attention checks than do subject pool participants},
  author={Hauser, David J and Schwarz, Norbert},
  journal={Behavior research methods},
  volume={48},
  number={1},
  pages={400--407},
  year={2016},
  publisher={Springer}
}

@article{thomas2017validity-2,
  title={Validity and Mechanical Turk: An assessment of exclusion methods and interactive experiments},
  author={Thomas, Kyle A and Clifford, Scott},
  journal={Computers in Human Behavior},
  volume={77},
  pages={184--197},
  year={2017},
  publisher={Elsevier}
}

@article{barch2015mechanisms-2,
  title={Mechanisms underlying motivational deficits in psychopathology: similarities and differences in depression and schizophrenia},
  author={Barch, Deanna M and Pagliaccio, David and Luking, Katherine},
  journal={Behavioral neuroscience of motivation},
  pages={411--449},
  year={2015},
  publisher={Springer}
}

@article{elwert2014endogenous-2,
  title={Endogenous selection bias: The problem of conditioning on a collider variable},
  author={Elwert, Felix and Winship, Christopher},
  journal={Annual review of sociology},
  volume={40},
  pages={31--53},
  year={2014},
  publisher={Annual Reviews}
}

@article{cohen2001impairments-2,
  title={Impairments of attention and effort among patients with major affective disorders},
  author={Cohen, Ronald and Lohr, Ilan and Paul, Robert and Boland, Robert},
  journal={The Journal of neuropsychiatry and clinical neurosciences},
  volume={13},
  number={3},
  pages={385--395},
  year={2001},
  publisher={Am Neuropsych Assoc}
}

@article{culbreth2016negative-2,
  title={Negative symptoms are associated with an increased subjective cost of cognitive effort.},
  author={Culbreth, Adam and Westbrook, Andrew and Barch, Deanna},
  journal={Journal of abnormal psychology},
  volume={125},
  number={4},
  pages={528},
  year={2016},
  publisher={American Psychological Association}
}

@article{kane2016individual-2,
  title={Individual differences in the executive control of attention, memory, and thought, and their associations with schizotypy.},
  author={Kane, Michael J and Meier, Matt E and Smeekens, Bridget A and Gross, Georgina M and Chun, Charlotte A and Silvia, Paul J and Kwapil, Thomas R},
  journal={Journal of Experimental Psychology: General},
  volume={145},
  number={8},
  pages={1017},
  year={2016},
  publisher={American Psychological Association}
}

@article{robison2017neurotic-2,
  title={The neurotic wandering mind: An individual differences investigation of neuroticism, mind-wandering, and executive control},
  author={Robison, Matthew K and Gath, Katherine I and Unsworth, Nash},
  journal={The Quarterly Journal of Experimental Psychology},
  volume={70},
  number={4},
  pages={649--663},
  year={2017},
  publisher={Taylor \& Francis}
}

